<record><leader>00000cas a22000007a 4500</leader><controlfield tag="001">12745768</controlfield><controlfield tag="008">851101d19501952iauwr ne      0    0eng d</controlfield><datafield ind1=" " ind2=" " tag="010"><subfield code="a">sn 85049823 </subfield></datafield><datafield ind1=" " ind2=" " tag="040"><subfield code="a">INP</subfield><subfield code="b">eng</subfield><subfield code="c">INP</subfield><subfield code="d">OCLCQ</subfield></datafield><datafield ind1=" " ind2=" " tag="042"><subfield code="a">msc</subfield></datafield><datafield ind1="0" ind2=" " tag="130"><subfield code="a">Guthrie County times (Guthrie Center, Iowa : 1950)</subfield></datafield><datafield ind1="1" ind2="0" tag="245"><subfield code="a">Guthrie County times.</subfield></datafield><datafield ind1=" " ind2=" " tag="260"><subfield code="a">Guthrie Center, Iowa :</subfield><subfield code="b">Wm. H. Giese,</subfield><subfield code="c">1950-1952.</subfield></datafield><datafield ind1=" " ind2=" " tag="300"><subfield code="a">3 v. :</subfield><subfield code="b">ill.</subfield></datafield><datafield ind1=" " ind2=" " tag="310"><subfield code="a">Weekly</subfield></datafield><datafield ind1="0" ind2=" " tag="362"><subfield code="a">Vol. 69, no. 42 (Apr. 20, 1950)-v. 71, no. 21 (Sept. 4, 1952).</subfield></datafield><datafield ind1=" " ind2=" " tag="500"><subfield code="a">Publishers: Wm. H. Giese, &lt;Jan. 4, 1951&gt;-Aug. 28, 1952; William B. Sweetland, Sept. 4, 1952.</subfield></datafield><datafield ind1=" " ind2=" " tag="500"><subfield code="a">Editors: Wm. H. Giese, &lt;Jan. 4, 1951&gt;-Aug. 28, 1952; William B. Sweetland, Sept. 4, 1952.</subfield></datafield><datafield ind1=" " ind2=" " tag="752"><subfield code="a">United States</subfield><subfield code="b">Iowa</subfield><subfield code="c">Guthrie</subfield><subfield code="d">Guthrie Center.</subfield></datafield><datafield ind1="0" ind2="0" tag="780"><subfield code="t">Guthrie Center times (Guthrie Center, Iowa : 1940)</subfield><subfield code="w">(DLC)sn 85049822</subfield></datafield><datafield ind1="0" ind2="0" tag="785"><subfield code="t">Guthrie Center times (Guthrie Center, Iowa : 1952)</subfield><subfield code="w">(DLC)sn 85049824</subfield></datafield><datafield ind1="1" ind2=" " tag="029"><subfield code="a">AU@</subfield><subfield code="b">000025785384</subfield></datafield></record>